2892 4734
1223 334 1240 349 ι
1280 280 1414 350 257

284 415 667 520 suetudinis
711 444 1136 538 peritissimi,
1176 444 1541 542 proferant
1572 447 1965 539 saepissime
2010 447 2428 546 interpreta-

283 556 541 639 tiones,
583 563 888 622 a·mente
924 562 994 617 et
1034 550 1314 619 consitio
1339 553 2194 642 animeris-alienissima&

361 823 364 830 ,
456 759 604 825 Iam
659 779 819 824 cum
878 734 963 822 ea
1016 754 1496 848 interpretatio
1558 727 1721 829 vera
1775 756 1867 826 sit
1920 761 1997 829 et
2065 757 2423 842 habeatur,

286 884 425 952 qua
462 883 742 942 sensus,
784 859 1106 946 cuiusque
1146 858 1438 925 orationi
1481 857 1854 945 subiectus,
1901 873 2217 929 accurate
2266 864 2432 956 led·
2476 931 2489 942 ‚

287 951 504 1048 ditur,
581 959 1015 1048 efficiturque
1080 961 1390 1052 legitima
1460 964 1760 1047 ratione,
1812 977 1896 1033 ut
1953 966 2124 1031 alter
2180 966 2432 1055 cogitet
2504 1017 2515 1030 x

286 1068 511 1148 idem,
568 1064 751 1154 quod
794 1064 1082 1152 scriptor
1122 1063 1440 1149 cogitavit
1509 1078 1576 1134 et
1636 1069 1935 1155 cogitare
2000 1068 2237 1136 debuit
2294 1070 2430 1138 hoc

289 1165 426 1237 tali
459 1171 607 1237 loco
649 1178 718 1233 et
761 1177 1104 1255 tempore;
1165 1163 1367 1232 facile
1423 1167 1710 1258 quisque
1771 1167 1997 1253 videt,
2042 1179 2430 1239 contortam
2522 1234 2533 1240 ,
2614 1219 2621 1227 .

285 1270 919 1361 interpretationem
962 1268 1318 1333 dicendam
1355 1290 1503 1334 esse
1543 1271 1772 1358 illam,
1833 1294 2010 1360 quae
2052 1274 2435 1340 sententiae

285 1377 573 1456 alicuius
630 1371 928 1452 auctoris
981 1370 1127 1436 vim
1170 1370 1416 1470 infert?
1478 1373 1608 1454 ita,
1664 1385 1761 1441 ut.r
1797 1374 2031 1442 verbis
2094 1374 2243 1444 eius
2303 1397 2433 1442 ex·-

209 1471 248 1574 '‘
286 1481 537 1567 primat
574 1496 849 1540 sensum
890 1472 1095 1576 longe
1131 1471 1380 1554 alium,
1423 1475 1865 1565 quambipse,
1909 1477 2042 1542 hac
2090 1476 2430 1562 oratione,

286 1581 420 1666 hoc
459 1581 607 1647 loco
652 1589 721 1645 et.
760 1589 1092 1665 tempore,
1134 1599 1294 1644 cum
1335 1577 1559 1645 verbis
1596 1579 1742 1646 suis
1764 1578 2171 1648 coniunxit.

409 1781 827 1853 Enimvero
923 1779 1289 1849 sententia
1341 1751 1739 1888 scriptoris
1784 1755 2077 1852 alicuius
2150 1784 2432 1878 propria

282 1885 592 1976 cognosci
647 1894 871 1974 potest
923 1908 1002 1951 ac
1058 1879 1294 1967 debet,
1361 1871 1909 1956 doctissimorum
1960 1888 2427 1980 interpretum

274 2012 659 2073 consensu,
719 1987 1027 2077 primum
1077 2009 1166 2053 ex
1225 2008 1354 2053 usu
1395 1988 1758 2075 loquendi,
1820 1990 1885 2056 ei
1935 1994 2255 2082 scriptori
2308 1994 2429 2066 fa·-

278 2093 573 2161 miliari·
556 2140 576 2174 ‚
626 2090 874 2156 deinde
918 2112 1007 2156 ex
1046 2089 1312 2173 ratione
1337 2089 1739 2171 hominum,
1782 2090 2099 2166 locorum
2139 2109 2208 2162 et
2240 2108 2425 2163 tem..

278 2217 565 2285 porum,
622 2192 865 2281 quibus
919 2192 1217 2280 scripsit3
1285 2190 1583 2277 denique
1661 2214 1753 2257 ex
1813 2207 2188 2264 contextu:
2259 2221 2423 2274 nam

281 2297 467 2386 quod
509 2296 770 2382 addunt
814 2293 1128 2359 nonnulli
1168 2293 1467 2359 auctoris
1511 2273 1911 2380 consilium,
1969 2298 2041 2363 id
2101 2300 2190 2364 ad
2234 2311 2420 2366 con-

280 2410 555 2464 textum
600 2401 918 2483 pertinet.
1006 2395 1218 2479 Igitur
1262 2391 1593 2462 contorta.
1619 2396 2083 2487 interpretatio
2114 2403 2421 2490 cognosci

241 2551 242 2554 η
280 2512 511 2590 potest
552 2498 810 2565 ratione
856 2491 1137 2585 triplici3
1182 2495 1533 2588 primum,
1585 2499 1642 2564 si
1684 2500 2010 2592 loquendi
2052 2517 2425 2572 consuetu-

281 2602 432 2668 dini
474 2599 754 2692 alicuius
802 2599 1155 2689 scriptoris
1202 2613 1302 2668 est
1353 2600 1737 2685 contraria
1772 2602 2016 2672 deinde
2058 2605 2114 2672 si
2151 2606 2421 2673 dissen-

275 2704 372 2772 sit
410 2730 453 2772 a
492 2706 753 2772 ratione
795 2703 1194 2784 hominum,
1233 2697 1542 2770 locorum
1581 2714 1652 2770 et
1688 2715 2121 2794 temporum,
2168 2708 2424 2794 quibus

279 2806 591 2894 scripsit3
652 2805 950 2893 denique
991 2808 1046 2874 si
1087 2817 1422 2898 repugnat
1476 2805 1674 2876 seriei
1735 2808 2099 2882 orationis.
2179 2801 2422 2899 Quare
2473 2812 2476 2816 ’

279 2921 670 2978 contortam
727 2899 1366 2997 interpretationem
1432 2908 1749 2976 dicamus
1786 2931 2017 3004 qam,
2054 2934 2231 2999 quae
2298 2915 2424 2981 etsi

281 3012 514 3082 verbis
572 3012 770 3101 ipsis,
830 3033 953 3104 per
1001 3035 1074 3079 se
1125 3013 1486 3102 spectatis,
1559 3009 1776 3077 inesse
1839 3013 2085 3101 possit,
2162 3027 2417 3097 tamen,

282 3139 445 3182 cum
500 3116 613 3180 vel
667 3114 821 3179 usui
877 3115 1202 3202 loquendi
1256 3113 1639 3205 scriptoris,
1703 3114 1819 3181 vel
1876 3117 2299 3203 temporibus
2353 3132 2424 3188 et

197 3221 204 3236 '
279 3218 486 3301 locis,
537 3218 648 3284 vel
691 3216 984 3305 denique
1022 3217 1373 3283 contextui
1414 3228 1783 3304 repugnet,
1830 3238 1869 3281 o
1910 3218 2141 3285 verbis
2180 3224 2417 3309 expri-

280 3320 415 3389 mit
455 3320 854 3387 sententiam
899 3343 944 3388 a.
989 3328 1244 3390 niente
1261 3317 1614 3409 scriptoris
1655 3315 2053 3393 alienam.
2116 3403 2122 3415 Ι

293 3445 300 3452 .
2072 3423 2088 3452 ὁ

343 3533 350 3540 ’
441 3521 588 3595 Sed
634 3524 1275 3617 interpretationum
1319 3522 1652 3594 eiusmodi
1692 3546 1834 3591 non
1881 3522 1997 3591 est
2033 3547 2250 3593 unum
2296 3548 2422 3646 ge·-

280 3644 439 3695 nus.
520 3628 720 3697 Aliae
762 3630 943 3695 enim
985 3630 1058 3697 vi
1101 3629 1431 3719 quadam,
1490 3650 1700 3718 quam
1753 3624 1989 3693 verbis
2051 3627 2330 3696 infert
2307 3654 2422 3695 ιιι-

275 3726 593 3815 tei-pretia
638 3731 1042 3818 arbitrium,
1086 3730 1455 3820 offendunt
1486 3730 1775 3819 peritos;
1838 3728 2010 3795 aliae
2052 3755 2218 3797 vero
2258 3757 2422 3821 spe-

288 3827 392 3892 cie
435 3836 735 3915 quadam
806 3837 971 3902 artis
1028 3849 1099 3901 et
1172 3811 1563 3904 subtilitatis
1636 3831 1991 3920 impeiitos
2048 3811 2421 3921 decipiunt.

287 3926 597 3999 Primum
650 3937 860 4024 igitur
904 3960 1159 4026 genus,
1232 3940 1531 4025 ineptas·
1558 3935 1782 4002 dicere
1825 3933 2069 4023 possis,
2146 3938 2463 4022 quando,

286 4034 620 4101 sententia
666 4039 1062 4107 obtruditur
1103 4039 1455 4130 scriptori,
1499 4038 1585 4105 ab
1628 4037 1770 4102 eius
1814 4037 2101 4114 dicendi·
2123 4037 2420 4106 sentien-

291 4127 498 4221 dique
540 4145 1029 4214 consuetudine
1073 4166 1197 4236 pe1
1197 4156 1404 4234 petua
1446 4163 1666 4232 aeque
1706 4164 1784 4209 ac
1827 4150 2060 4207 mente
2102 4151 2174 4209 et
2193 4142 2421 4212 consi-

1764 4245 1773 4256 “
1887 4250 1970 4314 17
2053 4311 2058 4322 .
