2892 4734
424 453 523 502 ex
554 427 883 516 cuiusque
921 415 1190 512 liuguae
1223 421 1550 513 peculiari
1582 421 1811 491 indole
1848 409 2272 514 nascuntur,
2317 435 2386 492 et
2408 424 2582 495 huie

414 513 698 623 'linguae
734 528 1059 621 propriae
1109 543 1253 593 ess’e
1299 524 1628 596 videntur
1638 558 1694 607 ,1
1719 541 1946 617 neque
1995 528 2094 594 ita
2133 539 2293 594 sunt
2332 552 2578 596 neces-

390 640 682 714 ,sat-iae,
724 632 923 721 quin*
948 627 1410 698 idonearatio
1448 624 1728 715 cogitari
1755 630 2024 719 possit,
2067 653 2229 713 cur,
2283 627 2365 698 iis
2424 653 2570 696 ne-

425 739 694 831 glectis,
755 736 1022 822 integra
1076 743 1305 797 tamen
1364 741 1433 796 et
1508 723 1810 817 congrua
1847 737 2088 804 oratio
2155 734 2264 799 sit.
2364 732 2574 799 Unde

422 845 547 927 fit,
590 855 670 909 ιιι
708 837 1075 915 idiomata,
1133 856 1307 921 quae
1351 844 1513 900 sunt
1553 847 1787 902 contra
1833 836 2048 923 legem
2091 832 2578 922 rationemque

306 975 313 980 ·
422 947 707 1036 linguae
761 959 891 1006 usu
940 936 1372 1020 introducta,
1441 934 1624 1022 [vid.
1668 936 2118 1006 Hermannus
2155 936 2254 1005 de
2310 937 2572 1007 Idiom.

422 1050 513 1120 L.
553 1046 679 1117 Gr.
721 1041 821 1113 ad
862 1035 969 1111 V
935 1062 1214 1133 zgerum
1244 1060 1318 1130 Ρ.
1362 1043 1519 1112 865.
1562 1035 1672 1108 ed.
1705 1043 1884 1127 nov-J
1934 1065 2061 1133 pro
2111 1040 2287 1110 vitiis
2328 1040 2573 1109 haberi

421 1173 571 1222 non
608 1141 941 1248 possint,
947 1153 1018 1210 et
1063 1143 1182 1229 qui
1198 1139 1609 1209 soloecismi
1652 1141 1864 1212 videri
1908 1143 2250 1235 imperitis
2288 1139 2571 1233 queant,

422 1247 920 1342 elegantissima
958 1245 1281 1313 orationis
1325 1238 1632 1332 σχήματα
1675 1244 1990 1314 efficiant.
2057 1243 2297 1340 [conf.
2342 1245 2572 1334 Apob-
2684 1259 2692 1268 ·

422 1356 660 1426 tonius
701 1351 905 1421 Alex.
946 1347 1035 1414 de
1048 1339 1381 1450 Syntaxi
1440 1346 1534 1419 L.
1567 1345 1704 1414 111.
1758 1372 1839 1440 Ρ
1895 1356 2041 1419 197.
2077 1371 2186 1440 sq
2240 1348 2351 1415 ed.
2402 1348 2567 1439 Syl-

423 1447 660 1553 burg]
702 1451 968 1524 Harum
1006 1439 1178 1519 vero
1218 1449 1468 1538 legum
1491 1445 2088 1539 grammaticarum
2132 1450 2310 1520 ratio
2348 1470 2566 1540 quum
2643 1462 2670 1467 “

420 1561 751 1646 latissime
782 1559 1048 1646 pateat,
1090 1553 1208 1619 sed
1257 1575 1427 1635 usu,
1472 1551 1593 1639 qui
1621 1551 1705 1619 iis
1743 1552 2131 1642 saepissime
2157 1552 2567 1622 adversatur

419 1679 842 1749 magnopere
884 1656 1331 1739 obscuretur,
1375 1654 1772 1726 mirandum
1827 1677 1971 1722 non
2019 1664 2170 1740 est'·¹
2211 1678 2568 1760 gramma-

419 1764 719 1840 ficorum
765 1757 852 1827 de
906 1759 1039 1826 hac
1079 1770 1454 1849 syntaxeos
1503 1767 1704 1847 parte
1748 1757 2147 1848 praecepta,
2221 1769 2344 1825 aut
2418 1782 2562 1826 non
2653 1748 2676 1757 ’

316 1911 322 1916 ·
403 1849 715 1954 'intelligi
749 1862 838 1930 ab
883 1861 1004 1944 iis,
1054 1858 1171 1950 qui
1216 1863 1304 1929 de
1342 1861 1734 1950 linguarum
1771 1858 2006 1929 indole
2056 1885 2145 1929 ex
2183 1857 2449 1928 casibus
2498 1870 2569 1927 et

418 1967 732 2058 numeris
775 1963 1113 2049 iudicant,
1169 1975 1295 2031 aut
1341 1988 1486 2031 non
1526 1959 1888 2047 sufficere,
1958 1977 2081 2049 ut,
2160 1961 2434 2034 rectene
2476 1988 2566 2032 an

418 2059 666 2144 vitiose
694 2063 844 2161 quis
871 2067 1247 2158 scripserit,
1289 2079 1477 2134 certa
1518 2067 1782 2134 ratione
1831 2067 2299 2136 decernamus.
2384 2063 2568 2137 Illud

416 2187 656 2248 autem
704 2184 944 2264 sponte
983 2170 1416 2276 intelligitur,
1470 2170 1546 2237 in
1600 2170 1948 2260 scriptoris
2011 2169 2344 2259 cuiusque
2407 2169 2566 2237 dili-

415 2278 647 2370 gentia
677 2265 1121 2367 grammatica
1150 2273 1594 2356 aestimanda,
1635 2265 1910 2341 diversa
1916 2273 2033 2340 illa
2059 2275 2288 2362 legum
2327 2267 2570 2364 grain-⁸

415 2383 832 2468 rusticarum
864 2387 1115 2468 genera
1164 2377 1626 2445 discernenda
1646 2391 1808 2443 esse.
1893 2375 2072 2446 Nam
2116 2377 2172 2442 si
2212 2378 2365 2478 quis
2410 2379 2563 2445 illas

413 2488 597 2575 leges
633 2475 1048 2566 violaverit,
1087 2503 1255 2569 quas
1299 2491 1484 2578 recta
1514 2480 1691 2547 ratio
1734 2502 2008 2569 semper
2047 2471 2469 2559 observare'
2446 2503 2563 2546 ιιι-

412 2590 573 2673 bet,
613 2584 1027 2656 verendum
1046 2595 1183 2660 est,
1222 2606 1316 2650 ne
1357 2573 1513 2654 nou
1537 2581 1747 2649 homo
1787 2584 2105 2670 loquutus
2142 2601 2287 2651 esse
2326 2563 2564 2649 videa-

413 2705 572 2774 tur,
611 2689 723 2758 sin
759 2684 1036 2756 alterius
1075 2685 1341 2772 generis
1380 2687 1562 2773 leges
1621 2684 2028 2771 neglexerit,
2086 2710 2177 2754 an
2226 2684 2562 2775 probabili

412 2794 686 2864 ratione
726 2791 799 2858 id
847 2787 1120 2871 fecerit,
1160 2786 1539 2854 videndum
1571 2797 1690 2853 est.
1782 2786 2255 2876 Quamobrem
2289 2789 2375 2856 de
2415 2788 2561 2854 sin-

411 2889 587 2985 gulis
652 2893 891 2981 le'gum
958 2889 1562 2977 grammaticarum
1624 2891 1987 2980 generibus
2064 2916 2194 2962 nos
2280 2889 2562 3002 quoque

411 3000 709 3069 seorsim
730 2993 1074 3064 dicemus.

2398 3129 2452 3172 ς

579 3163 903 3278 Primum
943 3156 1151 3287 igitur
1191 3198 1624 3279 necessarias
1659 3199 1930 3292 linguae
1965 3223 2249 3293 graecae
2291 3185 2472 3292 leges
2515 3223 2558 3268 a

413 3305 863 3395 scriptoribus
905 3301 1111 3369 sacris
1145 3299 1547 3371 observatas
1592 3327 1774 3391 esse,
1842 3325 2260 3426 quamquam
2315 3327 2474 3412 per
2483 3326 2558 3370 se

412 3429 706 3498 quisque
747 3406 1084 3473 coniicero
1133 3415 1392 3493 potest,
1451 3403 1735 3501 (alioqui
1793 3409 1918 3475 vix
1979 3401 2297 3480 homines
2367 3422 2558 3476 recta
2634 3481 2639 3490 .

334 3505 361 3524 λ
409 3509 687 3598 rs'atione
740 3510 1031 3599 praediti
1088 3509 1360 3596 loquuti
1417 3532 1563 3576 esse
1618 3499 2112 3608 viderentur)
2144 3509 2399 3579 recti‘u's
2447 3521 2557 3577 ta·
2635 3497 2639 3504 ’

378 3635 616 3698 ⁸rnen,
689 3633 895 3700 quam
957 3614 1195 3699 vulgo
1231 3608 1337 3694 fit,
1378 3597 2101 3700 animadvertendum
2156 3623 2278 3685 est.
2379 3614 2580 3682 Sunt-

411 3717 638 3798 enim',
683 3717 807 3803 qui
845 3717 1119 3786 illarum
1163 3716 1393 3802 legum
1458 3713 1999 3794 observationem
2052 3719 2127 3785 in
2186 3717 2288 3787 N·
2306 3719 2412 3788 Τ
2440 3716 2556 3783 in-

405 3809 763 3907 terprotfltx
771 3843 907 3888 one
947 3825 1188 3934 parum
1242 3827 1542 3900 curent,
1543 3829 1648 3884 et
1691 3818 1749 3885 si
1802 3821 2185 3911 scriptoris
2204 3819 2552 3886 cuiusdam

380 3923 623 3991 ‘verba
649 3913 1133 4012 grammatice,
1176 3922 1249 3989 id
1285 3931 1385 3987 est
1423 3942 1516 3988 ex
1558 3913 1820 4008 legibus
1851 3921 2157 4016 linguae,
2191 3913 2550 4016 explicata,

406 4028 864 4107 sententiam,
906 4037 1028 4094 aut
1071 4045 1113 4093 a
1153 4036 1560 4122 systemate,
1604 4033 1723 4091 aut
1765 4048 1808 4091 a
1863 4047 1984 4090 sua
2037 4023 2346 4114 ipsorum
2391 4027 2554 4119 opi-

405 4129 618 4197 nione
648 4130 988 4213 alienam,
1030 4129 1358 4219 prodant,
1417 4128 1679 4195 nullam
1725 4127 2005 4194 illarum
2060 4131 2286 4220 legum
2328 4133 2552 4200 ratio-
