2892 4734
1514 254 1561 314 2

469 444 686 513 quum
735 418 1011 487 eandem
1049 437 1198 485 rem
1243 413 1325 482 ab
1367 414 1683 480 omnibus
1712 413 2020 504 partibus
2047 412 2411 482 describere
2437 416 2627 510 eius·-

465 531 604 620 'que
655 523 1027 614 pleniorem
1075 530 1146 585 et
1192 513 1545 584 acriorem
1563 518 1916 603 imaginem
1952 539 2336 633 proponere
2370 520 2629 607 cupiat,

466 629 649 718 quod
700 624 1083 692 oratoribus
1113 631 1187 686 et
1221 622 1445 708 poetis
1488 621 1797 694 maxime'
1832 617 2201 708 propritim
2241 643 2380 688 esse
2425 620 2627 703 solet,

465 731 656 821 apud
719 750 893 817 quos
958 720 1446 796 vocabulorum
1507 743 2056 839 synonymorum
2130 723 2628 790 cumulationes

464 829 1004 921 frequentissime
1045 823 1494 913 reperiuntur.
1580 823 1692 890 Ex
1730 826 1947 913 priori
1990 848 2230 913 genere
2262 828 2308 893 ii
2345 848 2632 914 quoque

465 937 594 1003 loci
630 945 824 1012 sunt,
869 927 986 995 ubi
1014 925 1153 990 duo
1185 945 1571 1014 synonyma
1601 927 1953 1015 negatione
1978 927 2418 1017 copulantur,
2461 950 2521 994 v.
2564 952 2630 995 e·

369 1093 392 1104 f
468 1059 687 1129 quum
719 1029 1005 1104 Paulus
988 1051 1055 1096 in
1087 1049 1190 1116 ep.
1229 1026 1311 1092 ad
1347 1027 1593 1096 Galat.
1633 1037 1693 1110 1,
1740 1036 1838 1098 12.
1881 1029 2072 1100 di’citz
2116 1026 2277 1099 οὐδὲ
2315 1027 2444 1118 γὰρ
2482 1028 2633 1118 ἐγώ

466 1137 652 1227 παρὰ
693 1132 1067 1255 α’νθρώπου
1105 1128 1495 1217 παρέλαβον
1527 1125 1730 1205 cintii,
1797 1130 1953 1211 αὔτε
1995 1131 2373 1222 ἐδιδάχθην.
2470 1135 2636 1201 Ne·-

467 1256 581 1333 gat
617 1242 797 1309 enim
839 1235 1264 1322 utrumque?
1284 1230 1362 1301 τὰ
1391 1236 1811 1319 παραλαβεῖν,
1836 1246 1901 1300 et
1935 1232 2014 1303 to
2046 1236 2382 1323 διδάχθαι.
2461 1235 2634 1308 Dif-

464 1346 700 1414 ferunt
738 1342 919 1409 enim
964 1340 1124 1412 haee
1165 1337 1399 1418 verbo,
1459 1348 1541 1404 ut
1582 1336 1802 1403 solent
1844 1359 2263 1427 synonyma3
2318 1333 2634 1406 eiusdem

469 1448 651 1517 enim
692 1446 788 1512 rei
813 1444 1133 1527 ¹(notitiae
1158 1441 1242 1518 ab
1282 1440 1425 1508 alio
1461 1442 1802 1527 aeceptae)
1842 1440 2136 1506 diversos
2174 1442 2415 1510 modos
2439 1442 2632 1508 indi-

467 1560 642 1630 cant,
683 1555 765 1613 ut
797 1568 925 1612 suo
954 1545 1108 1611 loeo
1142 1540 1596 1612 ostendemus.
1680 1537 1959 1629 Negatio
2005 1544 2230 1609 eadem
2270 1557 2403 1628 est,
2459 1567 2628 1611 nam

469 1653 554 1724 ad
601 1649 802 1718 verba
857 1641 1012 1731 παρ’
1072 1642 1442 1740 ιξνθρόπου
1501 1642 1810 1732 pertinet
1921 1644 2357 1733 Quamquam
2416 1647 2632 1733 igitur

469 1752 708 1856 graeci
744 1749 1102 1839 scriptores
1155 1747 1227 1814 in
1274 1741 1602 1814 eiusmodi
1650 1744 2163 1833 loquutionibus
2215 1747 2634 1838 plerumque

468 1879 610 1925 non
641 1850 797 1924 αὔτε
820 1851 936 1918 sed
974 1844 1134 1916 οὐδέ
1162 1847 1448 1915 seribere
1476 1861 2000 1925 consueverunt,
2047 1849 2177 1915 hoo
2207 1864 2431 1915 tamen
2469 1848 2628 1916 loeo

470 1959 629 2031 οὔτε
687 1977 829 2028 non
880 1948 1377 2019 sollicitandum
1427 1943 1713 2017 videtur.
1811 1949 1988 2035 (vid.
2045 1950 2394 2043 Sokaefer.
2434 1951 2617 2042 App.

473 2065 575 2135 ad
597 2057 957 2132 Demosth.
986 2052 1107 2137 ΙΙΙ,
1151 2077 1224 2144 Ρ.
1251 2054 1455 2136 449.).,
1535 2051 1872 2120 Posterius
1898 2074 2108 2142 genus
2138 2065 2278 2122 tam
2306 2053 2623 2148 frequen·

469 2178 578 2234 ter
626 2161 952 2238 occurrit,
1009 2168 1091 2224 ut
1126 2156 1360 2224 mirari
1399 2155 1557 2223 satis
1597 2176 2042 2244 nequeamus,
2092 2161 2233 2251 qua‘
2254 2158 2516 2230 ratione
2553 2157 2633 2224 in

471 2269 777 2337 animum
814 2253 1125 2330 induo'ere
1165 2258 1290 2326 sibi
1331 2258 1610 2347 quidam
1653 2259 2032 2347 potuerint,
2082 2272 2159 2325 nt
2199 2260 2266 2342 in
2308 2259 2496 2327 libris
2534 2259 2629 2326 N.

475 2373 560 2441 T.
599 2370 720 2438 ubi
767 2367 906 2436 duo
950 2374 1073 2428 aut
1105 2360 1308 2451 plura
1352 2382 1742 2451 synonyma
1778 2360 1968 2427 iuxta
1999 2362 2214 2450 posita
2242 2363 2634 2453 reperiret:b

470 2486 619 2553 tur,
682 2478 902 2539 uuum
944 2465 1313 2533 alterumve
1353 2487 1486 2553 pro
1537 2463 1936 2554 glossemate
1977 2461 2359 2532 habendum
2404 2480 2473 2531 et
2515 2466 2635 2534 vel

427 2587 436 2598 ‘
474 2577 616 2644 sine
656 2570 847 2640 omni
881 2567 1203 2636 Codicum
1252 2566 1646 2632 auctoritate
1689 2564 2086 2634 eiiciendum
2138 2590 2273 2634 esse
2316 2566 2636 2636 affirma-

384 2683 391 2690 '
463 2685 648 2746 rent.
732 2670 938 2754 Quod
957 2690 1176 2762 quam
1208 2679 1460 2744 temere
1514 2669 1626 2737 W
1618 2663 2136 2761 assenhergldqs
2173 2668 2499 2754 (Dissert.
2530 2672 2635 2741 ‘de

484 2770 745 2847 Glossis
772 2772 868 2844 N·
904 2757 986 2842 T.
1017 2775 1383 2862 praemissa
1418 2771 1504 2839 V
1497 2767 1870 2842 alchenaru
1893 2774 2219 2841 scholiis
2188 2800 2267 2841 m
2291 2773 2499 2842 libros
2524 2772 2634 2844 N.

484 2884 568 2953 T.
603 2872 802 2968 Tam.
831 2877 990 2965 I‚p
995 2882 1107 2944 ..1
1139 2875 1268 2961 sq.)
1304 2872 1561 2955 fecerit,
1600 2891 1824 2968 nuper
1853 2875 1936 2942 F.
1967 2877 2059 2943 Α.
2091 2875 2636 2958 Bornemannus

477 2984 630 3052 satis
667 2978 1034 3050 ostendisse
1072 2977 1356 3056 videtur,
1398 2976 1518 3061 (de
1531 2977 1938 3067 glossemat.
1971 2980 2058 3044 N.
2099 2972 2177 3048 Τ.
2212 2992 2408 3054 caute
2437 2972 2638 3047 diia-

479 3080 822 3156 dicandi&
875 3078 1112 3147 ‘Schol
1103 3082 1199 3146 in
1224 3078 1395 3146 Lac.
1427 3098 1629 3169 p01x.
1664 3085 1793 3167 sq.)
1820 3090 1886 3148 et
1916 3082 2308 3169 nuperrime
2340 3081 2636 3150 Beckim

476 3199 710 3258 noster
741 3169 1035 3265 (Coruin.
1065 3181 1173 3247 II.
1214 3181 1302 3260 de
1338 3181 1661 3271 glos-sem.
1694 3205 1867 3271 qaae
1904 3181 1982 3248 in
2018 3207 2236 3250 sacres
2271 3184 2466 3252 libris
2507 3209 2635 3255 oc-

476 3289 764 3360 'currunt
795 3310 863 3376 p
891 3287 1016 3373 16.)
1056 3282 1385 3354 subtiliter
1417 3284 1730 3363 monuit,
1785 3305 1924 3351 non
1961 3287 2218 3367 omnia,
2263 3309 2434 3375 quae
2460 3283 2635 3354 illu-

477 3389 784 3461 strandae
839 3398 957 3456 aut
1001 3384 1407 3454 definiendae
1464 3386 1781 3454 orationis
1826 3408 2021 3454 causa
2060 3383 2421 3474 addantur,
2488 3411 2633 3479 pro

480 3492 891 3586 glossematis
914 3489 1220 3555 habenda
1241 3510 1401 3567 esse,
1446 3499 1650 3577 atque
1673 3489 1968 3578 exempli
1997 3513 2191 3558 eausa
2218 3491 2416 3564 illum
2446 3513 2636 3579 quo·

437 3608 442 3618 ’
483 3620 618 3687 que
651 3596 881 3664 locum
915 3589 1050 3659 Tit.
1092 3589 1221 3674 ΙΙΙ,
1265 3598 1329 3660 1.
1369 3590 1630 3673 attulit,
1689 3591 1808 3657 ubi
1842 3588 2346 3664 ὑποτάσσεσθαι
2384 3605 2452 3661 et
2485 3614 2640 3663 zes-

479 3703 760 3787 θαρχεῖν
789 3697 1181 3783 iunguntur.
1265 3692 1368 3761 lbi
1399 3695 1582 3761 enim
1613 3696 2212 3785 Wassenberghius
2241 3702 2641 3783 πειθαρχεῖν

483 3803 787 3872 scholion
827 3795 1280 3887 praecedentis
1323 3793 1504 3863 v'erbi
1547 3792 2047 3876 ὑποτάσσεσθαι
2077 3822 2213 3866 esse
2244 3799 2412 3865 dixit
2424 3824 2444 3879 3
2504 3821 2641 3866 ne-

484 3927 619 3993 que
643 3903 816 3968 enim
842 3897 1130 3968 Paulum
1162 3899 1227 3964 in
1263 3898 1540 3988 epistola
1571 3910 1712 3966 tam
1750 3899 1931 3994 breyi
1966 3903 2336 3990 eodemque
2364 3903 2436 3967 in
2470 3902 2637 3971 loeo

486 4007 677 4074 idem
721 4004 826 4070 bis
877 4001 1103 4068 dicere
1147 4000 1433 4065 voluisse
1477 4000 1706 4068 videri.
1793 4003 2307 4084 Bornemannus
2351 4004 2424 4089 (1.
2466 4026 2521 4096 e.
2555 4027 2637 4095 Ρ.

487 4106 784 4202 xxvm.)
833 4103 1105 4191 quidem
1141 4097 1644 4171 ὑποτάσσεσθαι
1684 4103 1771 4171 ad
1812 4102 2042 4192 ἀρχαῖς
2054 4152 2073 4185 ,
2112 4099 2503 4192 πἐιθαρχεῖν
2542 4107 2641 4175 ad
